<record><leader>00000cas a22000007a 4500</leader><controlfield tag="001">12356645</controlfield><controlfield tag="008">850807d18891918nduwr ne      0    0eng  </controlfield><controlfield tag="009">466</controlfield><datafield ind1=" " ind2=" " tag="010"><subfield code="a">sn 85042409 </subfield></datafield><datafield ind1=" " ind2=" " tag="040"><subfield code="a">DLC</subfield><subfield code="b">eng</subfield><subfield code="c">DLC</subfield><subfield code="d">NOP</subfield></datafield><datafield ind1="1" ind2=" " tag="029"><subfield code="a">AU@</subfield><subfield code="b">000025820622</subfield></datafield><datafield ind1=" " ind2=" " tag="042"><subfield code="a">msc</subfield></datafield><datafield ind1="0" ind2="0" tag="050"><subfield code="a">Newspaper 9212</subfield></datafield><datafield ind1="0" ind2=" " tag="130"><subfield code="a">North Dakota capital (Jamestown, N.D. : 1889)</subfield></datafield><datafield ind1="0" ind2="0" tag="245"><subfield code="a">North Dakota capital.</subfield></datafield><datafield ind1="0" ind2="3" tag="246"><subfield code="a">Jamestown weekly capital</subfield></datafield><datafield ind1=" " ind2=" " tag="260"><subfield code="a">Jamestown, N.D. :</subfield><subfield code="b">J.C. Warnock,</subfield></datafield><datafield ind1=" " ind2=" " tag="300"><subfield code="a">29 v. :</subfield><subfield code="b">ill. (chiefly advertisements) ;</subfield><subfield code="c">48-54 cm.</subfield></datafield><datafield ind1=" " ind2=" " tag="310"><subfield code="a">Weekly</subfield></datafield><datafield ind1="0" ind2=" " tag="362"><subfield code="a">Vol. 8, no. 35 (Sept. 13, 1889)-v. 37, no. 16 (July 5, 1918).</subfield></datafield><datafield ind1=" " ind2=" " tag="500"><subfield code="a">Publisher's block sometimes reads:  Jamestown weekly capital.</subfield></datafield><datafield ind1=" " ind2=" " tag="500"><subfield code="a">"Official Paper of the Farmers' Alliance of North Dakota", 1889-1890; "Official Paper of Stutsman County and Jamestown", 1896-1904; "Official Paper of Jamestown", 1905-1907, 1909-1912.</subfield></datafield><datafield ind1=" " ind2=" " tag="530"><subfield code="a">Available on microfilm from the State Historical Society of North Dakota.</subfield></datafield><datafield ind1=" " ind2=" " tag="752"><subfield code="a">United States</subfield><subfield code="b">North Dakota</subfield><subfield code="c">Stutsman</subfield><subfield code="d">Jamestown.</subfield></datafield><datafield ind1="0" ind2=" " tag="775"><subfield code="t">Jamestown daily capital</subfield><subfield code="w">(DLC)sn 89074294</subfield></datafield><datafield ind1="0" ind2="0" tag="780"><subfield code="t">Jamestown capital</subfield><subfield code="w">(DLC)sn 89074291</subfield></datafield><datafield ind1="0" ind2="0" tag="785"><subfield code="t">Stutsman County press</subfield><subfield code="w">(DLC)sn 89074292</subfield></datafield></record>